<?xml version="1.0" encoding="UTF-8"?><collection xmlns="http://www.loc.gov/MARC21/slim"><record><leader>00399nam--2200133-i-4500</leader><controlfield tag="001">000041998</controlfield><controlfield tag="002">20161230</controlfield><controlfield tag="005">20161230201043</controlfield><controlfield tag="008">060222s1000------------r-----000-0-eng-d</controlfield><datafield ind1=" " ind2=" " tag="080"><subfield code="a">621.372</subfield></datafield><datafield ind1=" " ind2=" " tag="100"><subfield code="a">Smith,Robert J</subfield></datafield><datafield ind1=" " ind2=" " tag="245"><subfield code="a">A programmed synthesis procedure for asynchronous sequential circuits. thesis</subfield></datafield><datafield ind1=" " ind2=" " tag="260"><subfield code="a">Rolla, Missouri, The Univ.Of Missouri At Rolla, 1967. V + 86 P</subfield></datafield><datafield ind1=" " ind2=" " tag="852"><subfield code="a">34053</subfield></datafield></record></collection>